&&example bib item
@online{robo4you,
  year = {2019},
  title = {aidl},
  url = {https://robo4you.at},
}

@book{Hope_Learning_TensorFlow,
    author      =   {Tom Hope, Yehezkel S. Resheff, Itay Lieder},
    title       =   {Learning TensorFlow},
    publisher   =   {O'Reilly},
    year        =   {2017}
}

@online{roswiki,
	author = {Open Source Robotics Foundation, Inc.},
	year = {2019},
	title = {Documentation - roswiki},
	url = {https://wiki.ros.org},
}

